@article{doucet,
author = {Doucet, Arnaud and Johansen, Adam M.},
journal = {The Oxford handbook of nonlinear filtering },
editor = {Crisan, Dan and Rozovskii, Boris},
address = {Oxford ; N.Y. },
title = {A Tutorial on Particle Filtering and Smoothing: Fiteen years later
},
publisher = {Oxford University Press},
year = {2011},
pages = {656--705}
}
@article{arulampalam,
  title={A tutorial on particle filters for online nonlinear/non-Gaussian Bayesian tracking},
  author={Arulampalam, M Sanjeev and Maskell, Simon and Gordon, Neil and Clapp, Tim},
  journal={IEEE Transactions on signal processing},
  volume={50},
  number={2},
  pages={174--188},
  year={2002},
  publisher={Ieee}
}